<record><leader>00000cas a22000007a 4500</leader><controlfield tag="001">14389361</controlfield><controlfield tag="008">861013d182118uupauwr ne      0    0eng d</controlfield><datafield ind1=" " ind2=" " tag="010"><subfield code="a">sn 86081845 </subfield></datafield><datafield ind1=" " ind2=" " tag="040"><subfield code="a">NPH</subfield><subfield code="b">eng</subfield><subfield code="c">NPH</subfield><subfield code="d">OCLCQ</subfield></datafield><datafield ind1=" " ind2=" " tag="042"><subfield code="a">msc</subfield></datafield><datafield ind1="0" ind2=" " tag="130"><subfield code="a">Republican press (Danville, Pa.)</subfield></datafield><datafield ind1="1" ind2="4" tag="245"><subfield code="a">The republican press.</subfield></datafield><datafield ind1=" " ind2=" " tag="260"><subfield code="a">Danville, Pa. :</subfield><subfield code="b">John Cooper,</subfield><subfield code="c">1821-</subfield></datafield><datafield ind1=" " ind2=" " tag="300"><subfield code="a">v. ;</subfield><subfield code="c">45 cm.</subfield></datafield><datafield ind1=" " ind2=" " tag="310"><subfield code="a">Weekly</subfield></datafield><datafield ind1="0" ind2=" " tag="362"><subfield code="a">Vol. 1, no. 1 (Feb. 28, 1821)-</subfield></datafield><datafield ind1=" " ind2=" " tag="752"><subfield code="a">United States</subfield><subfield code="b">Pennsylvania</subfield><subfield code="c">Montour</subfield><subfield code="d">Danville.</subfield></datafield><datafield ind1=" " ind2=" " tag="752"><subfield code="a">United States</subfield><subfield code="b">Pennsylvania</subfield><subfield code="c">Columbia</subfield><subfield code="d">Danville.</subfield></datafield></record>